@Inbook{Gehlen2012,
	author="Gehlen, Vinicius
	and Finamore, Alessandro
	and Mellia, Marco
	and Munaf{\`o}, Maurizio M.",
	editor="Pescap{\`e}, Antonio
	and Salgarelli, Luca
	and Dimitropoulos, Xenofontas",
	title="Uncovering the Big Players of the Web",
	bookTitle="Traffic Monitoring and Analysis: 4th International Workshop, TMA 2012, Vienna, Austria, March 12, 2012. Proceedings",
	year="2012",
	publisher="Springer Berlin Heidelberg",
	address="Berlin, Heidelberg",
	pages="15--28",
	isbn="978-3-642-28534-9",
	doi="10.1007/978-3-642-28534-9_2",
	url="http://dx.doi.org/10.1007/978-3-642-28534-9_2"
}

@Inbook{youtubeStats,
	author="YouTube",
	title = {Statistics},
	year = {https://www.youtube.com/yt/press/statistics.html},
}


